@inproceedings{meyer2023anonymizing,
  author={Meyer, Sarina and Tilli, Pascal and Denisov, Pavel and Lux, Florian and Koch, Julia and Vu, Ngoc Thang},
  booktitle={2022 IEEE Spoken Language Technology Workshop (SLT)}, 
  title={Anonymizing Speech with Generative Adversarial Networks to Preserve Speaker Privacy}, 
  year={2023},
  volume={},
  number={},
  pages={912-919},
  doi={10.1109/SLT54892.2023.10022601}
}
